@misc{gurvitz2003,
  	doi = {10.48550/ARXIV.QUANT-PH/0303055},
  	url = {https://arxiv.org/abs/quant-ph/0303055},
  	author = {Gurvits, Leonid},
  	keywords = {Quantum Physics (quant-ph), FOS: Physical sciences, FOS: Physical sciences},
  	title = {Classical deterministic complexity of Edmonds' problem and Quantum Entanglement},
  	publisher = {arXiv},
  	year = {2003},
  	copyright = {Assumed arXiv.org perpetual, non-exclusive license to distribute this article for submissions made before January 2004}
}

% PPT criterion
@article{horodecki1996PPT,
   title={Separability of mixed states: necessary and sufficient conditions},
   volume={223},
   ISSN={0375-9601},
   url={http://dx.doi.org/10.1016/S0375-9601(96)00706-2},
   DOI={10.1016/s0375-9601(96)00706-2},
   number={1–2},
   journal={Physics Letters A},
   publisher={Elsevier BV},
   author={Horodecki, Michał and Horodecki, Paweł and Horodecki, Ryszard},
   year={1996},
   month={Nov},
   pages={1–8}
}
   
@article{peres1996PPT,
   title={Separability Criterion for Density Matrices},
   volume={77},
   ISSN={1079-7114},
   url={http://dx.doi.org/10.1103/PhysRevLett.77.1413},
   DOI={10.1103/physrevlett.77.1413},
   number={8},
   journal={Physical Review Letters},
   publisher={American Physical Society (APS)},
   author={Peres, Asher},
   year={1996},
   month={Aug},
   pages={1413–1415}
}

% Realignment criterion
@misc{chen2003realignment,
      title={A matrix realignment method for recognizing entanglement}, 
      author={Kai Chen and Ling-An Wu},
      year={2003},
      eprint={quant-ph/0205017},
      archivePrefix={arXiv},
      primaryClass={quant-ph}
}

% Symmetric Extensions
@article{chen2014SymExt,
   title={Symmetric extension of two-qubit states},
   volume={90},
   ISSN={1094-1622},
   url={http://dx.doi.org/10.1103/PhysRevA.90.032318},
   DOI={10.1103/physreva.90.032318},
   number={3},
   journal={Physical Review A},
   publisher={American Physical Society (APS)},
   author={Chen, Jianxin and Ji, Zhengfeng and Kribs, David and Lütkenhaus, Norbert and Zeng, Bei},
   year={2014},
   month={Sep}
}

% Bosonic Extensions
@article{li2019BosExt,
   title={Symmetric versus bosonic extension for bipartite states},
   volume={99},
   ISSN={2469-9934},
   url={http://dx.doi.org/10.1103/PhysRevA.99.012332},
   DOI={10.1103/physreva.99.012332},
   number={1},
   journal={Physical Review A},
   publisher={American Physical Society (APS)},
   author={Li, Youning and Huang, Shilin and Ruan, Dong and Zeng, Bei},
   year={2019},
   month={Jan}
}


@misc{bharti2021,
	doi = {10.48550/ARXIV.2106.03891},
	url = {https://arxiv.org/abs/2106.03891},
	author = {Bharti, Kishor and Haug, Tobias and Vedral, Vlatko and Kwek, Leong-Chuan},
	keywords = {Quantum Physics (quant-ph), Machine Learning (cs.LG), Optimization and Control (math.OC), FOS: Physical sciences, FOS: Physical sciences, FOS: Computer and information sciences, FOS: Computer and information sciences, FOS: Mathematics, FOS: Mathematics},
	title = {NISQ Algorithm for Semidefinite Programming},
	publisher = {arXiv},
	year = {2021},
	copyright = {arXiv.org perpetual, non-exclusive license}
}